% This file was created with JabRef 2.9.2.
% Encoding: UTF-8

@book{haar,
 author={Nachbin, Leopoldo},
 title={The Haar integral},
 edition={Repr.},
 address={Huntington, NY},
 publisher={Krieger},
 year={1976},
 isbn={0-88275-374-6 ; 978-0-88275-374-4},
 language={eng},
 library={MA [Signatur:Nachb]},
}

@book{rep,
 author={Br{\"o}cker, Theodor and Tom Dieck, Tammo},
 title={Representations of compact lie groups},
 address={New York [u.a.]},
 publisher={Springer},
 year={2010},
 isbn={978-3-642-05725-0},
 series={Graduate texts in mathematics ; 98 ; Graduate texts in mathematics},
 number={98},
 language={eng},
 library={UB [Signatur:2013 H 278]},
}

@article{wootters,
year={1990},
issn={0015-9018},
journal={Foundations of Physics},
volume={20},
number={11},
doi={10.1007/BF01883491},
title={Random quantum states},
url={http://dx.doi.org/10.1007/BF01883491},
publisher={Kluwer Academic Publishers-Plenum Publishers},
author={Wootters, William K.},
pages={1365--1378},
language={English},
}

@article{christensen,
  title={On Some Measures Analogous to Haar Measure.},
  author={Christensen, Jens Peter Reus},
  journal={Mathematica Scandinavica},
  volume={26},
  pages={103--106},
  year={1970}
}
